
@online{noauthor__nodate,
	title = {Метеопост - Що таке {PM}2.5 та {PM}10},
	note = {\url{https://meteopost.com/info/PM/}},
	urldate = {2024-05-22},
	file = {Метеопост - Що таке PM2.5 та PM10:C\:\\Users\\nickk\\Zotero\\storage\\8HRCMUHI\\PM.html:text/html},
}

@online{noauthor_nitrogen_nodate,
	title = {Nitrogen Oxides ({NOx}) {\textbar} Air Pollution Information System},
	url = {https://www.apis.ac.uk/overview/pollutants/overview_nox.htm},
	urldate = {2024-05-22},
	file = {Nitrogen Oxides (NOx) | Air Pollution Information System:C\:\\Users\\nickk\\Zotero\\storage\\TMBI7EZB\\overview_nox.html:text/html},
}

@online{noauthor_dusts_nodate,
	title = {Dusts {\textbar} Air Pollution Information System},
	url = {https://www.apis.ac.uk/overview/pollutants/overview_particles.htm},
	urldate = {2024-05-22},
	file = {Dusts | Air Pollution Information System:C\:\\Users\\nickk\\Zotero\\storage\\IFZDZD9N\\overview_particles.html:text/html},
}
